@misc{chatgpt2023,
  author = {ChatGPT},
  title = {Personal communication on binary search algorithms},
  year = {2023},
  note = {Conversation with an AI developed by OpenAI, conducted on September 1, 2023}
}

@misc{WinNT,
  title = {The Complexity of Binary Search},
  howpublished = {\url{https://www.baeldung.com/cs/binary-search-complexity}},
  note = {Accessed: 2024-08-31}
}