@misc{Knuth1998,
  author = {Knuth},
  title = {("Searching an ordered table"), subsection "Further analysis of binary search".},
  year = {1998},
  note = {Referenced from Wikipedia}
}

@misc{chatgpt2024,
  author = {ChatGPT},
  title = {Personal communication on binary search algorithms},
  year = {2024},
  note = {Conversation with an AI developed by OpenAI, conducted on September 19, 2024}
}